<?xml version="1.0" encoding="UTF-8"?><record xmlns="http://www.loc.gov/MARC21/slim" xmlns:cinclude="http://apache.org/cocoon/include/1.0" xmlns:zs="http://www.loc.gov/zing/srw/">
  <leader>00750cz  a2200145n  4500</leader>
  <controlfield tag="001">no2010064334</controlfield>
  <controlfield tag="003">DLC</controlfield>
  <controlfield tag="005">20120818082802.0</controlfield>
  <controlfield tag="008">100419n| acannaabn          |n ana     c</controlfield>
  <datafield tag="010" ind1=" " ind2=" ">
    <subfield code="a">no2010064334</subfield>
  </datafield>
  <datafield tag="035" ind1=" " ind2=" ">
    <subfield code="a">(OCoLC)oca08465047</subfield>
  </datafield>
  <datafield tag="040" ind1=" " ind2=" ">
    <subfield code="a">SaPrUSA</subfield>
    <subfield code="b">eng</subfield>
    <subfield code="c">SaPrUSA</subfield>
    <subfield code="d">DLC</subfield>
  </datafield>
  <datafield tag="111" ind1="2" ind2=" ">
    <subfield code="a">Simposium oor die Problematiek wat Ontstaan by die Gebruik van Dieselfde of Afsonderlike Toetse vir Verskillende Bevolkingsgroepe</subfield>
    <subfield code="d">(1982 :</subfield>
    <subfield code="c">Pretoria, South Africa)</subfield>
  </datafield>
  <datafield tag="667" ind1=" " ind2=" ">
    <subfield code="a">THIS 1XX FIELD CANNOT BE USED UNDER RDA UNTIL THIS RECORD HAS BEEN REVIEWED AND/OR UPDATED</subfield>
  </datafield>
  <datafield tag="670" ind1=" " ind2=" ">
    <subfield code="a">Simposium oor die Problematiek wat Ontstaan by die Gebruik van Dieselfde of Afsonderlike Toetse vir Verskillende Bevolkingsgroepe, 1983:</subfield>
    <subfield code="b">t.p. (Oktober 1982) p. 47 (6 Oktober 1982; Pretoria)</subfield>
  </datafield>
</record>